@incollection{inja2014queued,
  title={Queued Pareto Local Search for Multi-Objective Optimization},
  author={Inja, Maarten and Kooijman, Chiel and de Waard, Maarten and Roijers,
  Diederik M and Whiteson, Shimon},
  booktitle={PPSN XIII},
  pages={589--599},
  year={2014},
  publisher={Springer}
}
  booktitle={Parallel Problem Solving from Nature--PPSN XIII},

@article{roijers2013survey,
  author       = {Diederik M. Roijers and Peter Vamplew and Shimon Whiteson and Richard Dazeley},
  title        = {A Survey of Multi-Objective Sequential Decision-Making},
  volume       = {47},
  pages        = {67-113},
  journal      = {JAIR},
  journal      = {Journal of Artificial Intelligence Research},
  year         = 2013
}

@inproceedings{gabor1998multi,
 title={Multi-criteria Reinforcement Learning.},
 author={G{\'a}bor, Zolt{\'a}n and Kalm{\'a}r, Zsolt and Szepesv{\'a}ri,
	 Csaba},
 booktitle={ICML},
 volume={98},
 pages={197--205},
 year={1998}
}

% Original Anthrax Response Policy paper, don't think we want to cite this, but
% who knows. I at least checked if our claim about it is true...
@inproceedings{izadi2007decision,
  title={Decision theoretic analysis of improving epidemic detection},
  author={Izadi, Masoumeh T and Buckeridge, David L},
  booktitle={AMIA Annual Symposium Proceedings},
  volume={2007},
  pages={354},
  year={2007},
  organization={American Medical Informatics Association}
}

% Paper expanding the anthrax responce policy to a MOPOMDP
@inproceedings{soh2011evolving,
  title={Evolving policies for multi-reward partially observable markov
	  decision processes (MR-POMDPs)},
  author={Soh, Harold and Demiris, Yiannis},
  booktitle={Proceedings of the 13th annual conference on Genetic and
	  evolutionary computation},
  pages={713--720},
  year={2011},
  organization={ACM}
}

% MoMCTS
@inproceedings{wang2012multi,
  title={Multi-objective Monte-Carlo Tree Search},
  author={Wang, Weijia and Sebag, Michele and others},
  booktitle={ACML},
  year={2012}
}
booktitle={Asian conference on machine learning},

% MDQL (Multi-objective Q-learning)
@incollection{mariano2000new,
	title={A new distributed reinforcement learning algorithm for multiple
		objective optimization problems},
	author={Mariano, Carlos and Morales, Eduardo},
	booktitle={Advances in Artificial Intelligence},
	pages={290--299},
	year={2000},
	publisher={Springer}
}

% DST and stuff
@article{vamplew2011empirical,
	title={Empirical evaluation methods for multiobjective reinforcement
		learning algorithms},
	author={Vamplew, Peter and Dazeley, Richard and Berry, Adam and Issabekov,
		Rustam and Dekker, Evan},
	journal={Machine Learning},
	volume={84},
	number={1-2},
	pages={51--80},
	year={2011},
	publisher={Springer}
}

% Sutton & Barto
@book{sutton1998introduction,
	title={Introduction to reinforcement learning},
	author={Sutton, Richard S and Barto, Andrew G},
	year={1998},
	publisher={MIT Press}
}

% SPLS
@article{drugan2012stochastic,
	title={Stochastic Pareto local search: Pareto neighbourhood exploration
		and perturbation strategies},
	author={Drugan, M{\u{a}}d{\u{a}}lina M and Thierens, Dirk},
	journal={Journal of heuristics},
	volume={18},
	number={5},
	pages={727--766},
	year={2012},
	publisher={Springer}
}

% Marco Wiering, RL: state-of-the-art
@article{wiering2012reinforcement,
	title={Reinforcement Learning},
	author={Wiering, Marco and van Otterlo, Martijn},
	journal={Adaptation, Learning, and Optimization},
	volume={12},
	year={2012},
	publisher={Springer}
}

% CON-MODP
@inproceedings{wiering2007computing,
	title={Computing optimal stationary policies for multi-objective Markov decision processes},
	author={Wiering, Marco A and De Jong, Edwin D},
	booktitle={ADPRL 2007},
	pages={158--165},
	year={2007}	
}

@article{white1982multi,
	title={Multi-objective infinite-horizon discounted Markov decision processes},
	author={D. J. White},
	journal={Journal of mathematical analysis and applications},
	volume={89},
	number={2},
	pages={639--647},
	year={1982},
	publisher={Academic Press}
}
% organization={IEEE}

@incollection{paquete2004pareto,
  title={{Pareto} local optimum sets in the biobjective traveling salesman
problem: An experimental study},
  author={Paquete, Luis and Chiarandini, Marco and St{\"u}tzle, Thomas},
  booktitle={Metaheuristics for Multiobjective Optimisation},
  pages={177--199},
  year={2004},
  publisher={Springer, Heidelberg}
}

@article{nsga2,
  title={A fast elitist non-dominated sorting genetic algorithm for
    multi-objective optimization: {NSGA-II}},
  author={Deb, Kalyanmoy and Agrawal, Samir and Pratap, Amrit and Meyarivan,
    Tanaka},
  journal={LNCS},
  volume={1917},
  pages={849--858},
  year={2000},
  publisher={Springer, Heidelberg}
}

@inproceedings{wiering2014model,
  title={Model-based multi-objective reinforcement learning},
  author={Wiering, Marco A and Withagen, Maikel and Drugan, Madalina M},
  booktitle={ADPRL 2014},
  pages={1--6},
  year={2014},
  organization={IEEE}
}
