@article{perez2014,
  title={The 2014 General Video Game Playing Competition},
  author={Perez, Diego and Samothrakis, Spyridon and Togelius, Julian and Schaul, Tom and Lucas, Simon and Cou{\"e}toux, Adrien and Lee, Jeyull and Lim, Chong-U and Thompson, Tommy},
  publisher={IEEE}
}

@incollection{coulom2007efficient,
  title={Efficient selectivity and backup operators in Monte-Carlo tree search},
  author={Coulom, R{\'e}mi},
  booktitle={Computers and games},
  pages={72--83},
  year={2007},
  publisher={Springer}
}

@incollection{kocsis2006bandit,
  title={Bandit based monte-carlo planning},
  author={Kocsis, Levente and Szepesv{\'a}ri, Csaba},
  booktitle={Machine Learning: ECML 2006},
  pages={282--293},
  year={2006},
  publisher={Springer}
}

@article{sutton1999between,
  title={Between MDPs and semi-MDPs: A framework for temporal abstraction in reinforcement learning},
  author={Sutton, Richard S and Precup, Doina and Singh, Satinder},
  journal={Artificial intelligence},
  volume={112},
  number={1},
  pages={181--211},
  year={1999},
  publisher={Elsevier}
}

@inproceedings{schaul2013video,
  title={A video game description language for model-based or interactive learning},
  author={Schaul, Tom},
  booktitle={Computational Intelligence in Games (CIG), 2013 IEEE Conference on},
  pages={1--8},
  year={2013},
  organization={IEEE}
}
